
%%%%%%%%%%%%%%%%Avelina Literatur%%%%%%%%%%%%%%%%%%%%%%%%
@book{DeutschesInstitutfurNormung.2010,
 year = {2010},
 title = {Prozess zur Gestaltung gebrauchstauglicher interaktiver Systeme (ISO 9241-210:2010); Deutsche Fassung FprEN ISO 9241-210:2010 ; Entwurf: Human-centred design for interactive systems (ISO 9241-210:2010); German vision FprEN ISO 9241-210:2010 = Concetion centr{\'e}e sur Ime aux l{\'o}perat{\'e}ur human pour les syst{\`e}mes interactifs (ISO 9241-210:2010); Version allemande FprEN ISO 9241-210:2010},
 address = {Berlin},
 volume = {EN ISO 9241,210},
 publisher = {Beuth},
 series = {Deutsche Norm},
 institution = {{Deutsches Institut f{\"u}r Normung}}
}


@book{DeutschesInstitutfurNormung.2017,
 year = {2017},
 title = {Ergonomie der Mensch-System-Interaktion - Teil 11: Gebrauchstauglichkeit: Begriffe und Konzepte: Ergonomics of human-system interaction - Part 11: Usability: Definitions and concepts (ISO/DIS 9241-11.2:2016); German and English version prEN ISO 9241-11:2016},
 address = {Berlin},
 volume = {EN ISO 9241,11},
 publisher = {Beuth},
 series = {Deutsche Norm},
 institution = {{Deutsches Institut f{\"u}r Normung}}
}


@misc{Disterer.,
 author = {Disterer, Georg and Kleiner, Carsten},
 title = {Compliance von mobilen Endger{\"a}ten},
 url = {https://www.wiso-net.de/document/HMDS__101365s40702-014-0044-x},
 urldate = {16.11.2017}
}


@article{Disterer.2014,
 author = {Disterer, Georg and Kleiner, Carsten},
 year = {2014},
 title = {Compliance von mobilen Endger{\"a}ten},
 pages = {307--318},
 volume = {51},
 number = {3},
 issn = {1436-3011},
 journal = {HMD Praxis der Wirtschaftsinformatik},
 doi = {10.1365/s40702-014-0044-x}
}


@misc{GroupJoyner.,
 title = {GroupJoyner - Was kannst du mit GroupJoyner tun},
 url = {http://groupjoyner.de/#wkdmgt},
 urldate = {21.11.2017}
}


@misc{GroupJoyner.13.01.2017,
 year = {13.01.2017},
 title = {GJ{\_}Logo{\_}Download.jpg (407$\times$320)},
 url = {http://groupjoyner.de/wp-content/uploads/2014/03/GJ_Logo_Download.jpg},
 urldate = {21.11.2017}
}


@misc{IDC.,
 title = {IDC: Smartphone OS Market Share},
 url = {https://www.idc.com/promo/smartphone-market-share/os},
 urldate = {21.11.2017}
}


@book{Maske.2012,
 author = {Maske, Philipp},
 year = {2012},
 title = {Mobile Applikationen 1: Interdisziplin{\"a}re Entwicklung am Beispiel des Mobile Learning},
 url = {http://dx.doi.org/10.1007/978-3-8349-3650-9},
 keywords = {Mobile Computing;Online-Publikation},
 address = {Wiesbaden},
 publisher = {{Gabler Verlag}},
 isbn = {978-3-8349-3650-9}
}

@book{Dustin2013,
	AUTHOR = {Dustin, Elfriede AND Rashka, Jeff AND Paul, John},
	YEAR = {2013},
	TITLE = {Software automatisch testen - Verfahren, Handhabung und Leistung},
	EDITION = {},
	ISBN = {978-3-642-56806-0},
	PUBLISHER = {Springer-Verlag},
	ADDRESS = {Berlin Heidelberg New York},
}


@misc{PatrickEysoldt.,
 abstract = {Lies die Rezensionen, vergleiche Kundenbewertungen, sieh dir Screenshots an und erfahre mehr {\"u}ber {\glqq}Party- und Eventplaner Lite{\grqq}. Lade {\glqq}Party- und Eventplaner Lite{\grqq} und benutze die App auf deinem iPhone, iPad und iPod~touch.},
 author = {{Patrick Eysoldt}},
 title = {{\glqq}Party- und Eventplaner Lite{\grqq}},
 url = {https://itunes.apple.com/de/app/party-und-eventplaner-lite/id500792894?mt=8},
 keywords = {app;app store;apps;appstore;ios apps;ipad;iphone;ipod touch;itouch;itunes;Lifestyle;Party- und Eventplaner Lite;Patrick Eysoldt;Produktivit{\"a}t},
 urldate = {21.11.2017}
}


@misc{PatrickEysoldt.04.02.2016,
 author = {{Patrick Eysoldt}},
 year = {04.02.2016},
 title = {{\glqq}Party- und Eventplaner Lite{\grqq}-Logo},
 url = {http://is5.mzstatic.com/image/thumb/Purple69/v4/32/bc/91/32bc9114-e548-2303-4045-60836f4681f9/source/1200x630bb.jpg},
 urldate = {21.11.2017}
}


@book{Quirmbach.2012,
 author = {Quirmbach, Sonja Monika},
 year = {2012},
 title = {Suchmaschinen: User Experience, Usability und nutzerzentrierte Website-Gestaltung},
 keywords = {Benutzerfreundlichkeit;Mensch-Maschine-Schnittstelle;Suchmaschine;Web Site},
 address = {Berlin},
 edition = {1., 2012},
 publisher = {{Springer Berlin}},
 isbn = {3642207782},
 series = {X.media.press}
}


@book{Richter.2004,
 author = {Richter, Volkmar},
 year = {2004},
 title = {Grundlagen der Betriebssysteme: Mit 60 Tabellen, 10 Beispielen, 11 Programmen und einer CD-ROM},
 price = {EUR 14.90},
 keywords = {Betriebssystem;Betriebssysteme;Grundlagen},
 address = {M{\"u}nchen},
 publisher = {{Fachbuchverl. Leipzig}},
 isbn = {3446228632},
 series = {Informatik interaktiv}
}


@misc{sleaqUG.,
 abstract = {Read reviews, compare customer ratings, see screenshots, and learn more about woy - Manage your debts and debtors. Download woy - Manage your debts and debtors and enjoy it on your iPhone, iPad, and iPod~touch.},
 author = {{sleaq UG}},
 title = {woy - Manage your debts and debtors},
 url = {https://itunes.apple.com/us/app/woy-manage-your-debts-and-debtors/id1115905143?mt=8},
 keywords = {app;app store;appstore;Finance;ios apps;ipad;iphone;ipod touch;itouch;itunes;sleaq UG;Utilities;woy - Manage your debts and debtors},
 urldate = {21.11.2017}
}


@misc{Statista.2017,
 abstract = {Wie viele Apps gibt es? Diese Statistik zeigt die Anzahl der Apps in den Top App-Stores bis Oktober 2017 . Im Apple App Store waren im Januar 2017 rund zwei Millionen Apps verf{\"u}gbar. Die meisten Apps mit 3,36 Millionen hatte der Google Play Store in seinem Angebot.},
 author = {Statista},
 year = {2017},
 title = {Anzahl der Apps in den Top App-Stores | Statista},
 url = {https://de.statista.com/statistik/daten/studie/208599/umfrage/anzahl-der-apps-in-den-top-app-stores/},
 address = {statista.com},
 urldate = {16.11.2017}
}


@misc{woy.27.09.2017,
 year = {27.09.2017},
 title = {woy-Logo},
 url = {http://is3.mzstatic.com/image/thumb/Purple18/v4/13/90/cd/1390cdd9-d270-34e1-3b48-1183e17d8b3a/source/1200x630bb.jpg},
 urldate = {21.11.2017}
}


@book{Schickler.2015,
 author = {Schickler, Marc and Reichert, Manfred and Pryss, R{\"u}diger},
 year = {2015},
 title = {Entwicklung mobiler Apps: Konzepte, Anwendungsbausteine und Werkzeuge im Business und E-Health},
 keywords = {Architekturen mobiler Gesch{\"a}ftsanwendungen;Kommunikation in mobilen Gesch{\"a}ftsanwendungen;Mobile Cross-Development;Mobile Gesch{\"a}ftsanwendungen;Programmbausteine mobiler Gesch{\"a}ftsanwendungen},
 address = {Berlin, Heidelberg},
 edition = {1. Aufl. 2015},
 publisher = {{Springer Berlin Heidelberg}},
 isbn = {9783642330575}
}


@book{Cheng.2017,
 author = {Cheng, Fu},
 year = {2017},
 title = {Build Mobile Apps with Ionic 2 and Firebase: Hybrid Mobile App Development},
 url = {https://ebookcentral.proquest.com/lib/gbv/detail.action?docID=4853137},
 price = {electronic bk},
 keywords = {Mobile apps},
 address = {Berkeley, CA},
 publisher = {Apress},
 isbn = {9781484227367}
}


@misc{SW.,
 author = {SW},
 title = {Plattformunabh{\"a}ngigkeit --- e-teaching.org},
 url = {https://www.e-teaching.org/projekt/nachhaltigkeit/plattform},
 urldate = {21.11.2017}
}


@misc{Apple.,
 abstract = {Swift ist eine neue Programmiersprache, die von Apple f{\"u}r die Erstellung von iOS und Mac Apps entwickelt wurde. Sie ist leistungsstark und leicht zu verwenden -- selbst f{\"u}r Einsteiger.},
 title = {Swift -- Apple (DE)},
 url = {https://www.apple.com/de/swift/},
 urldate = {21.11.2017}
}


@book{Aichele.2016,
 author = {Aichele, Christian and Sch{\"o}nberger, Marius},
 year = {2016},
 title = {App-Entwicklung - effizient und erfolgreich: Eine kompakte Darstellung von Konzepten, Methoden und Werkzeugen},
 price = {Book : EUR 19.99 (DE), EUR 20.55 (AT), sfr 21.00 (freier Preis)},
 keywords = {app;Softwareentwicklung},
 address = {Wiesbaden},
 publisher = {{Springer Vieweg}},
 isbn = {978-3-658-13684-0}
}


@misc{DrWindows.,
 abstract = {Ein Gastartikel von Florian Gerlinghoff Wir benutzen sie t{\"a}glich, doch wer kann sie schon erstellen? Apps begleiten uns Tag f{\"u}r Tag und ...},
 title = {Einstieg in die App-Programmierung -- Streifzug durch Visual Studio {\frq} Dr. Windows},
 url = {https://www.drwindows.de/news/5770-einstieg-app-programmierung-streifzug-visual-studio},
 urldate = {21.11.2017}
}


@misc{JoshuaTrupin.14.Jun2004,
 author = {{Joshua Trupin}},
 year = {14. Jun 2004},
 title = {Die neue Programmiersprache C{\#}},
 url = {https://msdn.microsoft.com/de-de/library/cc749742.aspx},
 urldate = {27.12.2017}
}


@misc{Git.,
 title = {Git},
 url = {https://git-scm.com/},
 urldate = {27.12.2017}
}


@misc{GitHub.,
 title = {GitHub},
 url = {undefined},
 urldate = {27.12.2017}
}


@misc{VisualStudioIDE.,
 abstract = {Komplett ausgestattete IDE f{\"u}r Android, iOS, Windows, das Web und die Cloud. Erfahren Sie mehr zur integrierten Entwicklungsumgebung in Visual Studio. Kostenlose Testversion.},
 editor = {{Visual Studio - IDE}},
 title = {Visual Studio-IDE | Microsoft Visual Studio},
 url = {https://www.visualstudio.com/de/vs/},
 urldate = {27.12.2017}
}

@book{Moser2012,
abstract = {User-Experience Design Prozess, Designprozess -- Idee, Ideenfindung -- Business-Analyse -- Nutzerforschung -- Anforderungen -- Informationsarchitektur -- Interaktionsdesign, Interaktionsgestaltung -- Informationsdesign -- Visual design -- Usability Testing -- Evaluation, Methode, Evaluationsmethoden},
author = {Moser, Christian},
booktitle = {Mit erlebniszentrierter Softwareentwicklung zu Produkten, die begeistern},
doi = {10.1007/978-3-642-13363-3},
isbn = {978-3-642-13363-3},
issn = {1439-3107},
keywords = {Computer science,Information systems,Mass media,Software engineering},
mendeley-groups = {Studienarbeit},
pages = {Online--Ressource (VIII, 252 S. 100 Abb. in Farbe,},
title = {{User Experience Design}},
url = {http://dx.doi.org/10.1007/978-3-642-13363-3{\%}5Cnhttp://swbplus.bsz-bw.de/bsz369427092cov.htm},
year = {2012}
}

@book{jersch, title={Splid - Abrechnen mit Freunden}, url={https://itunes.apple.com/de/app/splid-abrechnen-mit-freunden/id991473495?mt=8}, journal={iTunes}, author={Jersch, Nicolas}}

@book{jerschBild, title={Splid-Logo}, url={https://is1-ssl.mzstatic.com/image/thumb/Purple118/v4/78/e9/08/78e908dd-8a1d-1016-680f-6ec5d17bb925/AppIcon-1x_U007emarketing-85-220-4.png/246x0w.jpg}, journal={iTunes}, author={Jersch, Nicolas}}

%%%%%%%%%%%%%%%%%%% Niko Literatur %%%%%%%%%%%%%%%%%%%%%

@misc{Heini,
 author = {R. Heini},
 title = {Anforderungsmanagement.ch.},
 url = {http://www.anforderungsmanagement.ch/in_depth_vertiefung/funktionale_nicht_funktionale_anforderungen/index.html},
 urldate = {25.8.2017},
 note = {besucht am 25.08.2017},
}

@misc{Duden-Kosten,
 author = {Duden},
 title = {Kosten},
 url = {https://www.duden.de/rechtschreibung/Kosten},
 urldate = {28.12.2017},
 note = {besucht am 28.12.2017},
}

@Article{Handelsblatt,
  author = {Elisabeth Atzler},
  title =  {Der Geldbote bleibt zu Hause},
  journal = {Handelsblatt},
  year =   {2016},
  url = {http://www.handelsblatt.com/finanzen/banken-versicherungen/mobiles-bezahlen-der-geldbote-bleibt-zu-hause-/14813628.html},
 urldate = {09.11.2016},
 note = {besucht am 30.12.2017},
  }

@misc{Developer.PayPay ,
 author = {{PayPal}},
 title = {limited release product},
 url = {https://developer.paypal.com/docs/classic/mobile/ht_mpl-itemPayment-Android/},
 urldate = {30.12.2017}
}

@Article{Sunato-Xamarin,
  author = {Nikolay Ishpekov},
  title =  {Xamarin – Cross-Plattform-Entwicklung von Business Apps},
  journal = {Sunato},
  year =   {2015},
  url = {https://www.sunato.de/2015/10/16/xamarin-cross-plattform-entwicklung-von-business-apps/},
 urldate = {16.10.2015},
 note = {besucht am 31.12.2017},
  }
  
@misc{App-Center ,
 author = {{Microsoft}},
 title = {Visual Studio App Center},
 url = {https://www.visualstudio.com/de/app-center/},
 urldate = {31.12.2017}
}


%%%%%%%%%%%%%%%%%%% Michael Literatur %%%%%%%%%%%%%%%%%%%%%

@misc{Duden-Server,
 author = {Duden},
 title = {Server},
 url = {https://www.duden.de/rechtschreibung/Server},
 urldate = {29.12.2017},
 note = {besucht am 29.12.2017},
}

@misc{Firebase-Datenbank,
 author = {Firebase},
 title = {Firebase Datenbank},
 url = {https://firebase.google.com/docs/database/},
 urldate = {30.12.2017}
}

@misc{Firebase-Documentation,
 author = {Firebase},
 title = {Firebase Dokumentation},
 url = {https://firebase.google.com/docs},
 urldate = {30.12.2017}
}

@misc{Firebase-Datenbank-Regeln,
 author = {Firebase},
 title = {Firebase Datenbank Regeln},
 url = {https://firebase.google.com/docs/database/security/},
 urldate = {30.12.2017}
}

@Article{Cloudways-Laravel-Controller,
  author = {Ahmed Khan},
  title =  {Working With Controllers and Middleware in Laravel 5.4},
  journal = {Cloudways},
  year =   {2017},
  url = {https://www.cloudways.com/blog/controllers-middleware-laravel-5-4/},
 urldate = {23.02.2017},
 note = {besucht am 30.12.2017},
}

@Article{Cloudways-Laravel-Model-View,
  author = {Ahmed Khan},
  title =  {Understanding Models and Views in Laravel 5.4},
  journal = {Cloudways},
  year =   {2017},
  url = {https://www.cloudways.com/blog/models-views-laravel-5-4/},
 urldate = {16.03.2017},
 note = {besucht am 30.12.2017},
}

@misc{Laravel-Datenbank-Aufsetzen,
 author = {Laravel},
 title = {Laravel Datenbank Dokumentation},
 url = {https://laravel.com/docs/5.5/database},
 urldate = {31.12.2017}
}

@misc{MVC-Modell,
 author = {Wikipedia},
 title = {Model-View-Controller Diagramm},
 url = {https://upload.wikimedia.org/wikipedia/commons/thumb/a/a0/MVC-Process.svg/1200px-MVC-Process.svg.png},
 urldate = {29.12.2017}
}

@book{Pilorget.2012,
 author = {Pilorget, Lionel},
 year = {2012},
 title = {Testen von Informationssystemen: Integriertes und prozessorientiertes Testen},
 url = {http://dx.doi.org/10.1007/978-3-8348-8677-4},
 keywords = {Online-Publikation;Projektmanagement;Qualit{\"a}tssicherung;Softwareentwicklung;Softwareprodukt;Softwaretest},
 address = {Wiesbaden},
 publisher = {{Vieweg+Teubner Verlag}},
 isbn = {978-3-8348-8677-4}
}



